<?xml version="1.0" encoding="utf-8"?>
<record xmlns="http://www.loc.gov/MARC21/slim" xmlns:xsi="http://www.w3.org/2001/XMLSchema-instance" xsi:schemaLocation="http://www.loc.gov/MARC21/slim http://www.loc.gov/standards/marcxml/schema/MARC21slim.xsd">
	<leader>
		03258nam a2200481   4500
	</leader>
	<controlfield tag="001">
		001496938
	</controlfield>
	<controlfield tag="003">
		NNU
	</controlfield>
	<controlfield tag="006">
		m        d        
	</controlfield>
	<controlfield tag="007">
		cr cn |||m|||a
	</controlfield>
	<controlfield tag="008">
		160201s1941    mr      od    000 0 ara  
	</controlfield>
	<datafield ind1=" " ind2=" " tag="040">
		<subfield code="a">
			NNU
		</subfield>
		<subfield code="b">
			eng
		</subfield>
		<subfield code="e">
			rda
		</subfield>
		<subfield code="c">
			NNU
		</subfield>
	</datafield>
	<datafield ind1=" " ind2="4" tag="050">
		<subfield code="a">
			R128.3.R336
		</subfield>
		<subfield code="b">
			I25 1941
		</subfield>
	</datafield>
	<datafield ind1="1" ind2=" " tag="100">
		<subfield code="6">
			880-01
		</subfield>
		<subfield code="a">
			Ibn al-Ḥashshāʼ, Aḥmad ibn Muḥammad.
		</subfield>
	</datafield>
	<datafield ind1="1" ind2="0" tag="245">
		<subfield code="6">
			880-02
		</subfield>
		<subfield code="a">
			Mufīd al-ʻulūm wa-mubīd al-humūm :
		</subfield>
		<subfield code="b">
			wa-huwa tafsīr al-alfāẓ al-ṭibbīyah wa-al-lughawīyah al-wāqiʻah fī al-Kitāb al-Manṣūrī lil-Rāzī /
		</subfield>
		<subfield code="c">
			Ibn al-Ḥashshāʼ ; nasharāh wa-ṣaḥḥaḥāh ʻan baʻḍ al-nusakh al-makhṭūṭah Jūrj S. Kūlān wa-H.B.J. Rinū.
		</subfield>
	</datafield>
	<datafield ind1="1" ind2="5" tag="246">
		<subfield code="a">
			Glossaire sur le Mansʼuri de Razes
		</subfield>
	</datafield>
	<datafield ind1=" " ind2=" " tag="260">
		<subfield code="6">
			880-03
		</subfield>
		<subfield code="a">
			[Rabat] :
		</subfield>
		<subfield code="b">
			Maʻhad al-ʻUlūm al-ʻUlyá al-Maghribīyah,
		</subfield>
		<subfield code="c">
			1941.
		</subfield>
	</datafield>
	<datafield ind1=" " ind2=" " tag="300">
		<subfield code="a">
			online resource (162, pages)
		</subfield>
	</datafield>
	<datafield ind1=" " ind2=" " tag="336">
		<subfield code="a">
			text
		</subfield>
		<subfield code="2">
			rdacontent
		</subfield>
	</datafield>
	<datafield ind1=" " ind2=" " tag="337">
		<subfield code="a">
			computer
		</subfield>
		<subfield code="2">
			rdamedia
		</subfield>
	</datafield>
	<datafield ind1=" " ind2=" " tag="338">
		<subfield code="a">
			online resource
		</subfield>
		<subfield code="2">
			rdacarrier
		</subfield>
	</datafield>
	<datafield ind1="1" ind2=" " tag="490">
		<subfield code="6">
			880-04
		</subfield>
		<subfield code="a">
			Maṭbūʻāt Maʻhad al-ʻUlūm al-ʻUlyā al-Maghribīyah ;
		</subfield>
		<subfield code="v">
			al-juzʼ 11
		</subfield>
	</datafield>
	<datafield ind1=" " ind2=" " tag="500">
		<subfield code="a">
			Part of the Arabic Collections Online (ACO) project, contributed by New York Univeristy Libraries.
		</subfield>
	</datafield>
	<datafield ind1=" " ind2=" " tag="533">
		<subfield code="a">
			Electronic reproduction.
		</subfield>
		<subfield code="b">
			New York, N.Y. :
		</subfield>
		<subfield code="c">
			New York University,
		</subfield>
		<subfield code="d">
			2016.
		</subfield>
		<subfield code="5">
			NNU
		</subfield>
	</datafield>
	<datafield ind1="1" ind2="0" tag="600">
		<subfield code="6">
			880-05
		</subfield>
		<subfield code="a">
			Rāzī, Abū Bakr Muḥammad ibn Zakarīyā,
		</subfield>
		<subfield code="d">
			865?-925?
		</subfield>
		<subfield code="t">
			Kitāb al-Manṣūrī.
		</subfield>
	</datafield>
	<datafield ind1=" " ind2="0" tag="650">
		<subfield code="a">
			Medicine, Arab
		</subfield>
		<subfield code="v">
			Dictionaries
		</subfield>
		<subfield code="v">
			Early works to 1800.
		</subfield>
	</datafield>
	<datafield ind1="1" ind2=" " tag="700">
		<subfield code="6">
			880-06
		</subfield>
		<subfield code="a">
			Colin, G. S.
		</subfield>
		<subfield code="q">
			(Georges Séraphin),
		</subfield>
		<subfield code="d">
			1893-1977.
		</subfield>
	</datafield>
	<datafield ind1="1" ind2=" " tag="700">
		<subfield code="6">
			880-07
		</subfield>
		<subfield code="a">
			Renaud, Henri-Paul-Joseph,
		</subfield>
		<subfield code="d">
			1881-1945.
		</subfield>
	</datafield>
	<datafield ind1="2" ind2=" " tag="710">
		<subfield code="a">
			New York University.
		</subfield>
		<subfield code="b">
			Libraries.
		</subfield>
	</datafield>
	<datafield ind1="0" ind2=" " tag="730">
		<subfield code="a">
			Arabic Collections Online.
		</subfield>
	</datafield>
	<datafield ind1="0" ind2="8" tag="776">
		<subfield code="i">
			Online version:
		</subfield>
		<subfield code="a">
			Ibn al-Ḥashshāʼ, Aḥmad ibn Muḥammad.
		</subfield>
		<subfield code="t">
			Mufīd al-ʻulūm wa-mubīd al-humūm.
		</subfield>
		<subfield code="d">
			[Rabat] : Maʻhad al-ʻUlūm al-ʻUlyá al-Maghribīyah, 1941
		</subfield>
		<subfield code="w">
			(OCoLC)680648303
		</subfield>
	</datafield>
	<datafield ind1="0" ind2="8" tag="776">
		<subfield code="i">
			Print version:
		</subfield>
		<subfield code="a">
			Ibn al-Ḥashshāʼ, Aḥmad ibn Muḥammad.
		</subfield>
		<subfield code="t">
			Mufīd al-ʻulūm wa-mubīd al-humūm
		</subfield>
		<subfield code="w">
			(NNU)001496938
		</subfield>
		<subfield code="w">
			(DLC)   89968294
		</subfield>
	</datafield>
	<datafield ind1="4" ind2="0" tag="856">
		<subfield code="u">
			http://hdl.handle.net/2333.1/ncjsxpzs
		</subfield>
	</datafield>
	<datafield ind1="1" ind2=" " tag="880">
		<subfield code="6">
			100-01/
		</subfield>
		<subfield code="a">
			ابن الحشاء، أحمد بن محمد.
		</subfield>
	</datafield>
	<datafield ind1="1" ind2="0" tag="880">
		<subfield code="6">
			245-02/
		</subfield>
		<subfield code="a">
			مفيد العلوم ومبيد الهموم :
		</subfield>
		<subfield code="b">
			وهو تفسير الالفاظ الطبية واللغوية الواقعة في الكتاب المنصوري للرازي /
		</subfield>
		<subfield code="c">
			ابن الحشاء ؛ نشراه وصححاه عن چورجس. كولان و ه.ب.ج.رنو.
		</subfield>
	</datafield>
	<datafield ind1=" " ind2=" " tag="880">
		<subfield code="6">
			260-03/
		</subfield>
		<subfield code="a">
			رباط :
		</subfield>
		<subfield code="b">
			معهد العلوم العليا المغربية،
		</subfield>
		<subfield code="c">
			١٩٤١.
		</subfield>
	</datafield>
	<datafield ind1="1" ind2=" " tag="880">
		<subfield code="6">
			490-04/
		</subfield>
		<subfield code="a">
			مطبوعات معهد العلوم العليا المغربية ؛
		</subfield>
		<subfield code="v">
			الجزء ١١
		</subfield>
	</datafield>
	<datafield ind1="1" ind2="0" tag="880">
		<subfield code="6">
			600-05/
		</subfield>
		<subfield code="a">
			رازي، ابو بكر محمد بن زكريا،
		</subfield>
		<subfield code="d">
			865?-925?
		</subfield>
		<subfield code="t">
			كتاب المنصوري.
		</subfield>
	</datafield>
	<datafield ind1="1" ind2=" " tag="880">
		<subfield code="6">
			700-06/
		</subfield>
		<subfield code="a">
			كولان، جورج،
		</subfield>
		<subfield code="d">
			1893-1977.
		</subfield>
	</datafield>
	<datafield ind1="1" ind2=" " tag="880">
		<subfield code="6">
			700-07/
		</subfield>
		<subfield code="a">
			رناود، هنري بول جوسيف،
		</subfield>
		<subfield code="d">
			1881-1945.
		</subfield>
	</datafield>
	<datafield ind1=" " ind2="0" tag="830">
		<subfield code="6">
			880-08
		</subfield>
		<subfield code="a">
			Maṭbūʻāt Maʻhad al-ʻUlūm al-ʻUlyā al-Maghribīyah ;
		</subfield>
		<subfield code="v">
			al-juzʼ 11.
		</subfield>
	</datafield>
	<datafield ind1=" " ind2="0" tag="880">
		<subfield code="6">
			830-08/
		</subfield>
		<subfield code="a">
			مطبوعات معهد العلوم العليا المغربية ;
		</subfield>
		<subfield code="v">
			الجزء ١١.
		</subfield>
	</datafield>
	<datafield ind1=" " ind2=" " tag="959">
		<subfield code="a">
			NNU
		</subfield>
		<subfield code="b">
			WEB
		</subfield>
		<subfield code="c">
			GENI
		</subfield>
		<subfield code="t">
			0
		</subfield>
		<subfield code="m">
			Electronic access
		</subfield>
		<subfield code="s">
			01
		</subfield>
	</datafield>
	<datafield ind1=" " ind2=" " tag="999">
		<subfield code="i">
			NNU_001496938
		</subfield>
		<subfield code="s">
			nyu_aco001574
		</subfield>
		<subfield code="e">
			(ERROR-880)
		</subfield>
	</datafield>
</record>
